@article{reardon:halal,
  title={Inside Iran's “halal” internet},
  author={Reardon, Sara},
  journal={New Scientist},
  volume={216},
  number={2886},
  pages={21},
  year={2012},
  publisher={Elsevier}
}

@inproceedings{aryan:iran,
  title={Internet Censorship in Iran: A First Look.},
  author={Aryan, Simurgh and Aryan, Homa and Halderman, J Alex},
  booktitle={FOCI},
  year={2013}
}

@inproceedings{li:liberate,
  title={lib•erate, (n): A library for exposing
                  (traffic-classification) rules and avoiding them
                  efficiently.},
  author={Fangfan, Li and Razaghpanah, Abbas and Kakhki, Arash Movali
                  and Niaki, Arian Akhavan and Choffnes, David and
                  Gill, Phillipa and Mislove, Alan},
  booktitle={IMC},
  year={2017}
}

@article{dittrich:menlo,
  title={The Menlo Report: Ethical principles guiding information and
                  communication technology research},
  author={Dittrich, David and Kenneally, Erin and others},
  journal={US Department of Homeland Security},
  year={2012}
}

@misc{fhouse:net,
  title={Freedom on the Net 2016.},
  author={{Freedom House}},
  howpublished={\url{https://freedomhouse.org/report/freedom-net/freedom-net-2016}},
  note={Accessed: 2017-10-07}
}

@misc{fhouse:iran,
  title={Freedom on the Net 2017: Iran.},
  author={{Freedom House}},
  howpublished={\url{https://freedomhouse.org/report/freedom-net/2017/iran}},
  note={Accessed: 2017-10-07}
}

@inproceedings{darer2017filteredweb,
  title={FilteredWeb: A framework for the automated search-based discovery of blocked URLs},
  author={Darer, Alexander and Farnan, Oliver and Wright, Joss},
  booktitle={Network Traffic Measurement and Analysis Conference (TMA), 2017},
  pages={1--9},
  year={2017},
  organization={IEEE}
}


@misc{ooni:about,
  title={Open Observatory of Network Interference (OONI): About.},
  author={OONI},
  howpublished={\url{https://ooni.torproject.org/about/}},
  note={Accessed: 2017-10-07}
}

@misc{haque:pakistan,
  title={Pakistan's Internet Landscape},
  author={Haque, Jahanzaib},
  journal={Bytes for All, Pakistan},
  year={2013}
}

@misc{citizen:pakistan,
  title={O Pakistan, We Stand On Guard For Thee: An Analysis of
                  Canada-based Netsweeper’s Role in Pakistan’s
                  Censorship Regime.},
  author={{Citizen Lab}},
  howpublished={\url{https://citizenlab.ca/2013/06/o-pakistan/}},
  note={Accessed: 2017-10-07}
}

@inproceedings{tschantz:sok,
  title={SoK: Towards Grounding Censorship Circumvention in
                  Empiricism},
  author={Tschantz, Michael Carl and Afroz, Sadia and Paxson, Vern and
                  others},
  booktitle={Security and Privacy (SP), 2016 IEEE Symposium on},
  pages={914--933},
  year={2016},
  organization={IEEE}
}

@article{wagner:dpi,
  title={Deep Packet Inspection and Internet Censorship: International
                  Convergence on an'Integrated Technology of
                  Control'},
  author={Wagner, Ben},
  year={2009}
}

@misc{citizenlab:block,
  title={Citizen Lab Block List},
  howpublished={\url{https://github.com/citizenlab/test-lists}},
  note={Accessed: 2017-10-16},
  key={Citizen Lab}
}

@article{burnett:encore,
  title={Encore: Lightweight measurement of web censorship with
                  cross-origin requests},
  author={Burnett, Sam and Feamster, Nick},
  journal={ACM SIGCOMM Computer Communication Review},
  volume={45},
  number={4},
  pages={653--667},
  year={2015},
  publisher={ACM}
}

@article{weinberg:lists,
  title={Topics of Controversy: An Empirical Analysis of Web
                  Censorship Lists},
  author={Weinberg, Zachary and Sharif, Mahmood and Szurdi, Janos and
                  Christin, Nicolas},
  journal={Proceedings on Privacy Enhancing Technologies},
  volume={2017},
  number={1},
  pages={42--61},
  year={2017}
}

@misc{greatfire,
  title={GreatFire},
  howpublished={\url{http://greatfire.org}},
  note={Accessed: 2017-11-15},
  key={GreatFire}
}

@article{razaghpanah2016exploring,
  title={Exploring the Design Space of Longitudinal Censorship
                  Measurement Platforms},
  author={Razaghpanah, Abbas and Li, Anke and Filast{\`o}, Arturo and
                  Nithyanand, Rishab and Ververis, Vasilis and Scott,
                  Will and Gill, Phillipa},
  journal={arXiv preprint arXiv:1606.01979},
  year={2016}
}

@inproceedings{sfakianakis2011censmon,
  title={Censmon: A web censorship monitor},
  author={Sfakianakis, Andreas and Athanasopoulos, Elias and
                  Ioannidis, Sotiris},
  booktitle={USENIX Workshop on Free and Open Communication on the
                  Internet (FOCI)},
  year={2011}
}

@misc{guardian:bing,
  title={Bing censoring Chinese language search results for users in
                  the US},
  howpublished={\url{https://www.theguardian.com/technology/2014/feb/11/bing-censors-chinese-language-search-results}},
  note={Accessed: 2017-10-16}
}

@article{king2013censorship,
  title={How censorship in China allows government criticism but
                  silences collective expression},
  author={King, Gary and Pan, Jennifer and Roberts, Margaret E},
  journal={American Political Science Review},
  volume={107},
  number={2},
  pages={326--343},
  year={2013},
  publisher={Cambridge University Press}
}

@misc{alexa:top1000,
  title={Alexa Top Sites},
  howpublished={\url{https://aws.amazon.com/de/alexa-top-sites/}},
  note={Accessed:2017-12-13},
  key={Alexa Top}
}

@article{bamman2012censorship,
  title={Censorship and deletion practices in Chinese social media},
  author={Bamman, David and O'Connor, Brendan and Smith, Noah},
  journal={First Monday},
  volume={17},
  number={3},
  year={2012}
}

@misc{hrw:uighur,
  title={Human Rights Watch: Uighurs},
  howpublished={\url{https://www.hrw.org/tag/uighurs}},
  note={Accessed: 2018-1-15},
  key={Human Rights}
}

@misc{wapo:taiwan,
  title={The Absurd Face of China's Censorship},
  howpublished={\url{http://wapo.st/2euQsN1}},
  Note={Accessed: 2018-1-15},
  key={The Absurd}
}

@misc{tiananmen,
  title={Tiananmen Square online searches censored by Chinese
                  authorities},
  howpublished={\url{https://www.theguardian.com/world/2013/jun/04/
  tiananmen-square-online-search-censored}},
  note={Accessed: 2018-1-15}
}

@misc{wechat-congress,
  title={WeChat begins censoring users ahead of China's National Party
                  Congress},
  howpublished={\url{https://techcrunch.com/2017/10/17/
  wechat-china-national-party-congress-censorship/}},
  note={Accessed: 2018-1-15}
}

@misc{iran-social,
  title={Iran's social media blackout forces apps to submit or face a total ban},
  howpublished={\url{https://goo.gl/p6n2rc}},
  note={Accessed: 2018-1-15}
}

@misc{china-religion,
  title={Religious Freedom and Restriction in China},
  howpublished={\url{https://berkleycenter.georgetown.edu/essays/
  religious-freedom-and-restriction-in-china}},
  note={Accessed: 2018-1-15},
  key={Religious Freedom}
}

@inproceedings{kan:url,
  title={Fast webpage classification using URL features},
  author={Kan, Min-Yen and Thi, Hoang Oanh Nguyen},
  booktitle={Proceedings of the 14th ACM international conference on
                  Information and knowledge management},
  pages={325--326},
  year={2005},
  organization={ACM}
}

@article{blei:latent,
  title={Latent dirichlet allocation},
  author={Blei, David M and Ng, Andrew Y and Jordan, Michael I},
  journal={Journal of machine Learning research},
  volume={3},
  number={Jan},
  pages={993--1022},
  year={2003}
}

@inproceedings{wang:topical,
  title={Topical n-grams: Phrase and topic discovery, with an
                  application to information retrieval},
  author={Wang, Xuerui and McCallum, Andrew and Wei, Xing},
  booktitle={Data Mining, 2007. ICDM 2007. Seventh IEEE International
                  Conference on},
  pages={697--702},
  year={2007},
  organization={IEEE}
}

@misc{manning:collocations,
  title={Collocations},
  howpublished={https://nlp.stanford.edu/fsnlp/promo/colloc.pdf},
  note={Accessed: 2017-10-16}
}

@inproceedings{lin2012syntactic,
  title={Syntactic annotations for the google books ngram corpus},
  author={Lin, Yuri and Michel, Jean-Baptiste and Aiden, Erez
                  Lieberman and Orwant, Jon and Brockman, Will and
                  Petrov, Slav},
  booktitle={Proceedings of the ACL 2012 system demonstrations},
  pages={169--174},
  year={2012},
  organization={Association for Computational Linguistics}
}

@misc{phrasefinder,
  title = {PhraseFinder.io},
  howpublished = {\url{http:/phrasefinder.io}},
  note = {Accessed: 2017-11-15},
  key={PhraseFinder}
}

@article{corenlp2016suite,
  title={A suite of core nlp tools},
  author={CoreNLP, Stanford},
  journal={URL http://nlp. stanford. edu/software/corenlp. shtml (Last
                  accessed: 2013-09-06)},
  year={2016}
}

@misc{microsoft:bing,
  title={Microsoft Azure Search API},
  howpublished={\url{https://azure.microsoft.com/en-us/services/cognitive-services/bing-web-search-api/}},
  note={Accessed: 2017-11-15},
  key={Microsoft}
}

@misc{microsoft:translator,
  title={Microsoft Azure Translator API},
  howpublished={\url{https://azure.microsoft.com/en-us/services/
  cognitive-services/translator-text-api/}},
  note={Accessed: 2017-11-15}
}

@misc{fhouse:china,
  title={Freedom on the Net 2017: China.},
  author={{Freedom House}},
  howpublished={\url{https://freedomhouse.org/report/freedom-net/2017/china}},
  note={Accessed: 2018-02-04}
}

@inproceedings{ramos2003using,
  title={Using tf-idf to determine word relevance in document queries},
  author={Ramos, Juan and others},
  booktitle={Proceedings of the first instructional conference on machine learning},
  volume={242},
  pages={133--142},
  year={2003}
}

@inproceedings{pearce2017global,
  title={Global measurement of dns manipulation},
  author={Pearce, Paul and Jones, Ben and Li, Frank and Ensafi, Roya and Feamster, Nick and Weaver, Nick and Paxson, Vern},
  booktitle={Proceedings of the 26th USENIX Security Symposium (Security’17)},
  year={2017}
}


@misc{autoproxy,
  title={Autoproxy: GFW List},
  author={Autoproxy},
  howpublished={\url{https://github.com/gfwlist/gfwlist}},
  note={Accessed: 2018-05-25}
}

@misc{chinadigitaltimes,
  title={China Digital Times: About Us},
  author={{China Digital Times}},
  howpublished={\url{https://chinadigitaltimes.net/about/}},
  note={Accessed: 2018-05-25}
}

@misc{herdict,
  title={Herdict: About Us},
  author={Herdict},
  howpublished={\url{https://www.herdict.org/about}},
  note={Accessed: 2018-05-25}
}

@misc{censorsearch-lists,
  title={CensorSeeker Source Code and Block Lists},
  author={Hounsel, Austin},
  howpublished={\url{https://github.com/ahounsel/censor-seeker}},
  note={Accessed: 2018-07-01}
}

@inproceedings{burnett2015encore,
  title={Encore: Lightweight measurement of web censorship with cross-origin requests},
  author={Burnett, Sam and Feamster, Nick},
  booktitle={ACM SIGCOMM Computer Communication Review},
  volume={45},
  number={4},
  pages={653--667},
  year={2015},
  organization={ACM}
}

@misc{oni,
  title={Internet Filtering in China in 2004-2005: A Case Study},
  author={{Open Net Initiative}},
  howpublished={\url{https://opennet.net/studies/china}},
  note={Accessed: 2018-05-29}
}

@inproceedings{pearce2017augur,
  title={Augur: Internet-wide detection of connectivity disruptions},
  author={Pearce, Paul and Ensafi, Roya and Li, Frank and Feamster, Nick and Paxson, Vern},
  booktitle={Security and Privacy (SP), 2017 IEEE Symposium on},
  pages={427--443},
  year={2017},
  organization={IEEE}
}

@inproceedings{xu2011internet,
  title={Internet censorship in China: Where does the filtering occur?},
  author={Xu, Xueyang and Mao, Z Morley and Halderman, J Alex},
  booktitle={International Conference on Passive and Active Network Measurement},
  pages={133--142},
  year={2011},
  organization={Springer}
}

@misc{iclab,
  title={The Information Controls Lab},
  author={{ICLab}},
  howpublished={\url{https://iclab.org}},
  note={Accessed: 2018-05-29}
}


@misc{stanford:segmenter,
  title={Stanford Word Segmenter},
  author={{Stanford Natural Language Processing Group}},
  howpublished={\url{https://nlp.stanford.edu/software/segmenter.html}},
  note={Accessed: 2018-07-01}
}

@inproceedings{tseng2005conditional,
  title={A conditional random field word segmenter for sighan bakeoff 2005},
  author={Tseng, Huihsin and Chang, Pichuan and Andrew, Galen and Jurafsky, Daniel and Manning, Christopher},
  booktitle={Proceedings of the fourth SIGHAN workshop on Chinese language Processing},
  year={2005}
}


@inproceedings{chang2008optimizing,
  title={Optimizing Chinese word segmentation for machine translation performance},
  author={Chang, Pi-Chuan and Galley, Michel and Manning, Christopher D},
  booktitle={Proceedings of the third workshop on statistical machine translation},
  pages={224--232},
  year={2008},
  organization={Association for Computational Linguistics}
}

@article{darer2018automated,
  title={Automated Discovery of Internet Censorship by Web Crawling},
  author={Darer, Alexander and Farnan, Oliver and Wright, Joss},
  journal={arXiv preprint arXiv:1804.03056},
  year={2018}
}
